@book{pressman2021engenharia,
  title={Engenharia de software-9},
  author={Pressman, Roger S and Maxim, Bruce R},
  year={2021},
  publisher={McGraw Hill Brasil}
}

@book{tanenbaum2009sistemas,
  title={Sistemas Operacionais: Projetjos e Implementa{\c{c}}ao},
  author={Tanenbaum, Andrew S and Woodhull, Albert S},
  year={2009},
  publisher={Bookman Editora}
}

@article{finocchio2013project,
  title={Project Model Canvas: gerenciamento de projetos sem burocracia},
  author={Finocchio J{\'u}nior, Jos{\'e}},
  journal={S{\~a}o Paulo},
  year={2013}
}